@misc{ wiki-pixel,
    author = "{Wikipedia contributors}",
    title = "Pixel --- {Wikipedia}{,} The Free Encyclopedia",
    year = "2019",
    howpublished = "\url{https://en.wikipedia.org/w/index.php?title=Pixel&oldid=887140831}",
    note = "[Online; accessed 3-April-2019]"
  }
  
@misc{ wiki-image-segmentation,
    author = "{Wikipedia contributors}",
    title = "Image segmentation --- {Wikipedia}{,} The Free Encyclopedia",
    year = "2019",
    howpublished = "\url{https://en.wikipedia.org/w/index.php?title=Image_segmentation&oldid=885317611}",
    note = "[Online; accessed 3-April-2019]"
  }
  
@misc{ wiki-euclidean-distance,
    author = "{Wikipedia contributors}",
    title = "Euclidean distance --- {Wikipedia}{,} The Free Encyclopedia",
    year = "2019",
    howpublished = "\url{https://en.wikipedia.org/w/index.php?title=Euclidean_distance&oldid=890387216}",
    note = "[Online; accessed 3-April-2019]"
  }